
%Entries

@Book{Hfda,
  author =       "Michael Milton",
  title =        "Head First Data Analysis",
  publisher =    "O'Reilly Media, Inc.",
  year =         "2009",
  ISBN =         "9780596153939",
  address =      "1005 Gravenstein Hwy N, Sebastopol, CA",
  url =          "https://www.oreilly.com/library/view/head-first-data/9780596806224/"
}